%YAML 1.1
%TAG !u! tag:unity3d.com,2011:
--- !u!1 &1259452541998006507
GameObject:
  m_ObjectHideFlags: 0
  m_CorrespondingSourceObject: {fileID: 0}
  m_PrefabInstance: {fileID: 0}
  m_PrefabAsset: {fileID: 0}
  serializedVersion: 6
  m_Component:
  - component: {fileID: 1259452541998006505}
  - component: {fileID: 1259452541998006506}
  - component: {fileID: 1259452541998006504}
  m_Layer: 0
  m_Name: XR Rig
  m_TagString: Untagged
  m_Icon: {fileID: 0}
  m_NavMeshLayer: 0
  m_StaticEditorFlags: 0
  m_IsActive: 1
--- !u!4 &1259452541998006505
Transform:
  m_ObjectHideFlags: 0
  m_CorrespondingSourceObject: {fileID: 0}
  m_PrefabInstance: {fileID: 0}
  m_PrefabAsset: {fileID: 0}
  m_GameObject: {fileID: 1259452541998006507}
  m_LocalRotation: {x: 0, y: 0, z: 0, w: 1}
  m_LocalPosition: {x: -0.02459088, y: -0.11719155, z: 0.013687134}
  m_LocalScale: {x: 1, y: 1, z: 1}
  m_Children:
  - {fileID: 1259452542453837847}
  m_Father: {fileID: 0}
  m_RootOrder: 0
  m_LocalEulerAnglesHint: {x: 0, y: 0, z: 0}
--- !u!114 &1259452541998006506
MonoBehaviour:
  m_ObjectHideFlags: 0
  m_CorrespondingSourceObject: {fileID: 0}
  m_PrefabInstance: {fileID: 0}
  m_PrefabAsset: {fileID: 0}
  m_GameObject: {fileID: 1259452541998006507}
  m_Enabled: 1
  m_EditorHideFlags: 0
  m_Script: {fileID: 11500000, guid: 7448815bd5148434682b3d931066cd10, type: 3}
  m_Name: 
  m_EditorClassIdentifier: 
  m_RigBaseGameObject: {fileID: 1259452541998006507}
  m_CameraFloorOffsetObject: {fileID: 1259452542453837840}
  m_CameraGameObject: {fileID: 1259452543271354485}
  m_TrackingOriginMode: 1
  m_TrackingSpace: 3
  m_CameraYOffset: 1
--- !u!114 &1259452541998006504
MonoBehaviour:
  m_ObjectHideFlags: 0
  m_CorrespondingSourceObject: {fileID: 0}
  m_PrefabInstance: {fileID: 0}
  m_PrefabAsset: {fileID: 0}
  m_GameObject: {fileID: 1259452541998006507}
  m_Enabled: 1
  m_EditorHideFlags: 0
  m_Script: {fileID: 11500000, guid: 017c5e3933235514c9520e1dace2a4b2, type: 3}
  m_Name: 
  m_EditorClassIdentifier: 
  m_ActionAssets:
  - {fileID: -944628639613478452, guid: c348712bda248c246b8c49b3db54643f, type: 3}
--- !u!1 &1259452542415597661
GameObject:
  m_ObjectHideFlags: 0
  m_CorrespondingSourceObject: {fileID: 0}
  m_PrefabInstance: {fileID: 0}
  m_PrefabAsset: {fileID: 0}
  serializedVersion: 6
  m_Component:
  - component: {fileID: 1259452542415597660}
  - component: {fileID: 1259452542415597602}
  - component: {fileID: 1259452542415597601}
  - component: {fileID: 1259452542415597603}
  m_Layer: 0
  m_Name: RightHand Controller
  m_TagString: Untagged
  m_Icon: {fileID: 0}
  m_NavMeshLayer: 0
  m_StaticEditorFlags: 0
  m_IsActive: 1
--- !u!4 &1259452542415597660
Transform:
  m_ObjectHideFlags: 0
  m_CorrespondingSourceObject: {fileID: 0}
  m_PrefabInstance: {fileID: 0}
  m_PrefabAsset: {fileID: 0}
  m_GameObject: {fileID: 1259452542415597661}
  m_LocalRotation: {x: 0, y: 0, z: 0, w: 1}
  m_LocalPosition: {x: 0, y: 0, z: 0}
  m_LocalScale: {x: 1, y: 1, z: 1}
  m_Children:
  - {fileID: 2538241964343755657}
  m_Father: {fileID: 1259452542453837847}
  m_RootOrder: 2
  m_LocalEulerAnglesHint: {x: 0, y: 0, z: 0}
--- !u!114 &1259452542415597602
MonoBehaviour:
  m_ObjectHideFlags: 0
  m_CorrespondingSourceObject: {fileID: 0}
  m_PrefabInstance: {fileID: 0}
  m_PrefabAsset: {fileID: 0}
  m_GameObject: {fileID: 1259452542415597661}
  m_Enabled: 1
  m_EditorHideFlags: 0
  m_Script: {fileID: 11500000, guid: caff514de9b15ad48ab85dcff5508221, type: 3}
  m_Name: 
  m_EditorClassIdentifier: 
  m_UpdateTrackingType: 0
  m_EnableInputTracking: 1
  m_EnableInputActions: 1
  m_ModelPrefab: {fileID: 0}
  m_ModelTransform: {fileID: 0}
  m_AnimateModel: 0
  m_ModelSelectTransition: 
  m_ModelDeSelectTransition: 
  m_AnchorControlDeadzone: 0.75
  m_AnchorControlOffAxisDeadzone: 0.3
  m_PositionAction:
    m_UseReference: 1
    m_Action:
      m_Name: Position
      m_Type: 0
      m_ExpectedControlType: 
      m_Id: 93ead265-4bff-4199-8ddf-33c028dcfee9
      m_Processors: 
      m_Interactions: 
      m_SingletonActionBindings: []
    m_Reference: {fileID: -3326005586356538449, guid: c348712bda248c246b8c49b3db54643f,
      type: 3}
  m_RotationAction:
    m_UseReference: 1
    m_Action:
      m_Name: Rotation
      m_Type: 0
      m_ExpectedControlType: 
      m_Id: cd9a8368-32d3-4e58-86a0-6fe78d199369
      m_Processors: 
      m_Interactions: 
      m_SingletonActionBindings: []
    m_Reference: {fileID: 5101698808175986029, guid: c348712bda248c246b8c49b3db54643f,
      type: 3}
  m_SelectAction:
    m_UseReference: 1
    m_Action:
      m_Name: Select
      m_Type: 0
      m_ExpectedControlType: 
      m_Id: 3207346a-8b2f-4b24-b45a-90ea1cdef7fb
      m_Processors: 
      m_Interactions: 
      m_SingletonActionBindings: []
    m_Reference: {fileID: 187161793506945269, guid: c348712bda248c246b8c49b3db54643f,
      type: 3}
  m_ActivateAction:
    m_UseReference: 1
    m_Action:
      m_Name: Activate
      m_Type: 0
      m_ExpectedControlType: 
      m_Id: ed3be3cd-637e-48d6-ae4b-dd97305eaa40
      m_Processors: 
      m_Interactions: 
      m_SingletonActionBindings: []
    m_Reference: {fileID: 83097790271614945, guid: c348712bda248c246b8c49b3db54643f,
      type: 3}
  m_UIPressAction:
    m_UseReference: 1
    m_Action:
      m_Name: UI Press
      m_Type: 0
      m_ExpectedControlType: 
      m_Id: 55ce5c5d-aad8-4ebf-9f21-899ff595a062
      m_Processors: 
      m_Interactions: 
      m_SingletonActionBindings: []
    m_Reference: {fileID: 3279264004350380116, guid: c348712bda248c246b8c49b3db54643f,
      type: 3}
  m_HapticDeviceAction:
    m_UseReference: 1
    m_Action:
      m_Name: Haptic Device
      m_Type: 0
      m_ExpectedControlType: 
      m_Id: 60f81e0e-3fab-4e26-90b6-a5ab762e2bb1
      m_Processors: 
      m_Interactions: 
      m_SingletonActionBindings: []
    m_Reference: {fileID: -8222252007134549311, guid: c348712bda248c246b8c49b3db54643f,
      type: 3}
  m_RotateAnchorAction:
    m_UseReference: 1
    m_Action:
      m_Name: Rotate Anchor
      m_Type: 0
      m_ExpectedControlType: 
      m_Id: aca8fec0-a925-428d-a6b7-25cfbd478258
      m_Processors: 
      m_Interactions: 
      m_SingletonActionBindings: []
    m_Reference: {fileID: -5913262927076077117, guid: c348712bda248c246b8c49b3db54643f,
      type: 3}
  m_TranslateAnchorAction:
    m_UseReference: 1
    m_Action:
      m_Name: Translate Anchor
      m_Type: 0
      m_ExpectedControlType: 
      m_Id: 161874b5-2545-4bb2-bea4-eeddeb4fabf6
      m_Processors: 
      m_Interactions: 
      m_SingletonActionBindings: []
    m_Reference: {fileID: 875253871413052681, guid: c348712bda248c246b8c49b3db54643f,
      type: 3}
  m_ButtonPressPoint: 0.5
--- !u!114 &1259452542415597601
MonoBehaviour:
  m_ObjectHideFlags: 0
  m_CorrespondingSourceObject: {fileID: 0}
  m_PrefabInstance: {fileID: 0}
  m_PrefabAsset: {fileID: 0}
  m_GameObject: {fileID: 1259452542415597661}
  m_Enabled: 1
  m_EditorHideFlags: 0
  m_Script: {fileID: 11500000, guid: 4253f32900bcc4d499d675566142ded0, type: 3}
  m_Name: 
  m_EditorClassIdentifier: 
  m_InteractionManager: {fileID: 0}
  m_InteractionLayerMask:
    serializedVersion: 2
    m_Bits: 4294967295
  m_AttachTransform: {fileID: 0}
  m_StartingSelectedInteractable: {fileID: 0}
  m_OnHoverEntered:
    m_PersistentCalls:
      m_Calls: []
  m_OnHoverExited:
    m_PersistentCalls:
      m_Calls: []
  m_OnSelectEntered:
    m_PersistentCalls:
      m_Calls: []
  m_OnSelectExited:
    m_PersistentCalls:
      m_Calls: []
  m_SelectActionTrigger: 0
  m_HideControllerOnSelect: 0
  m_PlayAudioClipOnSelectEntered: 0
  m_AudioClipForOnSelectEntered: {fileID: 0}
  m_PlayAudioClipOnSelectExited: 0
  m_AudioClipForOnSelectExited: {fileID: 0}
  m_PlayAudioClipOnHoverEntered: 0
  m_AudioClipForOnHoverEntered: {fileID: 0}
  m_PlayAudioClipOnHoverExited: 0
  m_AudioClipForOnHoverExited: {fileID: 0}
  m_PlayHapticsOnSelectEntered: 0
  m_HapticSelectEnterIntensity: 0
  m_HapticSelectEnterDuration: 0
  m_PlayHapticsOnSelectExited: 0
  m_HapticSelectExitIntensity: 0
  m_HapticSelectExitDuration: 0
  m_PlayHapticsOnHoverEntered: 0
  m_HapticHoverEnterIntensity: 0
  m_HapticHoverEnterDuration: 0
  m_PlayHapticsOnHoverExited: 0
  m_HapticHoverExitIntensity: 0
  m_HapticHoverExitDuration: 0
--- !u!135 &1259452542415597603
SphereCollider:
  m_ObjectHideFlags: 0
  m_CorrespondingSourceObject: {fileID: 0}
  m_PrefabInstance: {fileID: 0}
  m_PrefabAsset: {fileID: 0}
  m_GameObject: {fileID: 1259452542415597661}
  m_Material: {fileID: 0}
  m_IsTrigger: 1
  m_Enabled: 1
  serializedVersion: 2
  m_Radius: 0.1
  m_Center: {x: 0, y: 0, z: 0}
--- !u!1 &1259452542453837840
GameObject:
  m_ObjectHideFlags: 0
  m_CorrespondingSourceObject: {fileID: 0}
  m_PrefabInstance: {fileID: 0}
  m_PrefabAsset: {fileID: 0}
  serializedVersion: 6
  m_Component:
  - component: {fileID: 1259452542453837847}
  m_Layer: 0
  m_Name: Camera Offset
  m_TagString: Untagged
  m_Icon: {fileID: 0}
  m_NavMeshLayer: 0
  m_StaticEditorFlags: 0
  m_IsActive: 1
--- !u!4 &1259452542453837847
Transform:
  m_ObjectHideFlags: 0
  m_CorrespondingSourceObject: {fileID: 0}
  m_PrefabInstance: {fileID: 0}
  m_PrefabAsset: {fileID: 0}
  m_GameObject: {fileID: 1259452542453837840}
  m_LocalRotation: {x: 0, y: 0, z: 0, w: 1}
  m_LocalPosition: {x: 0, y: 0, z: 0}
  m_LocalScale: {x: 1, y: 1, z: 1}
  m_Children:
  - {fileID: 1259452543271354489}
  - {fileID: 1259452543623548301}
  - {fileID: 1259452542415597660}
  m_Father: {fileID: 1259452541998006505}
  m_RootOrder: 0
  m_LocalEulerAnglesHint: {x: 0, y: 0, z: 0}
--- !u!1 &1259452543271354485
GameObject:
  m_ObjectHideFlags: 0
  m_CorrespondingSourceObject: {fileID: 0}
  m_PrefabInstance: {fileID: 0}
  m_PrefabAsset: {fileID: 0}
  serializedVersion: 6
  m_Component:
  - component: {fileID: 1259452543271354489}
  - component: {fileID: 1259452543271354490}
  - component: {fileID: 1259452543271354491}
  - component: {fileID: 1259452543271354484}
  m_Layer: 0
  m_Name: Main Camera
  m_TagString: MainCamera
  m_Icon: {fileID: 0}
  m_NavMeshLayer: 0
  m_StaticEditorFlags: 0
  m_IsActive: 1
--- !u!4 &1259452543271354489
Transform:
  m_ObjectHideFlags: 0
  m_CorrespondingSourceObject: {fileID: 0}
  m_PrefabInstance: {fileID: 0}
  m_PrefabAsset: {fileID: 0}
  m_GameObject: {fileID: 1259452543271354485}
  m_LocalRotation: {x: 0, y: 0, z: 0, w: 1}
  m_LocalPosition: {x: 0, y: 0, z: 0}
  m_LocalScale: {x: 1, y: 1, z: 1}
  m_Children: []
  m_Father: {fileID: 1259452542453837847}
  m_RootOrder: 0
  m_LocalEulerAnglesHint: {x: 0, y: 0, z: 0}
--- !u!20 &1259452543271354490
Camera:
  m_ObjectHideFlags: 0
  m_CorrespondingSourceObject: {fileID: 0}
  m_PrefabInstance: {fileID: 0}
  m_PrefabAsset: {fileID: 0}
  m_GameObject: {fileID: 1259452543271354485}
  m_Enabled: 1
  serializedVersion: 2
  m_ClearFlags: 1
  m_BackGroundColor: {r: 0.19215687, g: 0.3019608, b: 0.4745098, a: 0}
  m_projectionMatrixMode: 1
  m_GateFitMode: 2
  m_FOVAxisMode: 0
  m_SensorSize: {x: 36, y: 24}
  m_LensShift: {x: 0, y: 0}
  m_FocalLength: 50
  m_NormalizedViewPortRect:
    serializedVersion: 2
    x: 0
    y: 0
    width: 1
    height: 1
  near clip plane: 0.01
  far clip plane: 1000
  field of view: 60
  orthographic: 0
  orthographic size: 5
  m_Depth: 0
  m_CullingMask:
    serializedVersion: 2
    m_Bits: 4294967295
  m_RenderingPath: -1
  m_TargetTexture: {fileID: 0}
  m_TargetDisplay: 0
  m_TargetEye: 3
  m_HDR: 1
  m_AllowMSAA: 1
  m_AllowDynamicResolution: 0
  m_ForceIntoRT: 0
  m_OcclusionCulling: 1
  m_StereoConvergence: 10
  m_StereoSeparation: 0.022
--- !u!81 &1259452543271354491
AudioListener:
  m_ObjectHideFlags: 0
  m_CorrespondingSourceObject: {fileID: 0}
  m_PrefabInstance: {fileID: 0}
  m_PrefabAsset: {fileID: 0}
  m_GameObject: {fileID: 1259452543271354485}
  m_Enabled: 1
--- !u!114 &1259452543271354484
MonoBehaviour:
  m_ObjectHideFlags: 0
  m_CorrespondingSourceObject: {fileID: 0}
  m_PrefabInstance: {fileID: 0}
  m_PrefabAsset: {fileID: 0}
  m_GameObject: {fileID: 1259452543271354485}
  m_Enabled: 1
  m_EditorHideFlags: 0
  m_Script: {fileID: 11500000, guid: c2fadf230d1919748a9aa21d40f74619, type: 3}
  m_Name: 
  m_EditorClassIdentifier: 
  m_TrackingType: 0
  m_UpdateType: 0
  m_PositionAction:
    m_Name: Main Camera - TPD - Position
    m_Type: 0
    m_ExpectedControlType: Vector3
    m_Id: 151e6517-fae4-4165-878e-138b77625b8b
    m_Processors: 
    m_Interactions: 
    m_SingletonActionBindings:
    - m_Name: 
      m_Id: e15d3843-7924-42d6-87a1-8d1152dd8d35
      m_Path: <XRHMD>/centerEyePosition
      m_Interactions: 
      m_Processors: 
      m_Groups: 
      m_Action: Main Camera - TPD - Position
      m_Flags: 0
  m_RotationAction:
    m_Name: Main Camera - TPD - Rotation
    m_Type: 0
    m_ExpectedControlType: Quaternion
    m_Id: 566b990a-efb7-4c91-91d5-f9069995917e
    m_Processors: 
    m_Interactions: 
    m_SingletonActionBindings:
    - m_Name: 
      m_Id: 63ba4d40-26de-4835-820d-5cb3c7d05f82
      m_Path: <XRHMD>/centerEyeRotation
      m_Interactions: 
      m_Processors: 
      m_Groups: 
      m_Action: Main Camera - TPD - Rotation
      m_Flags: 0
--- !u!1 &1259452543623548302
GameObject:
  m_ObjectHideFlags: 0
  m_CorrespondingSourceObject: {fileID: 0}
  m_PrefabInstance: {fileID: 0}
  m_PrefabAsset: {fileID: 0}
  serializedVersion: 6
  m_Component:
  - component: {fileID: 1259452543623548301}
  - component: {fileID: 1259452543623548307}
  - component: {fileID: 1259452543623548306}
  - component: {fileID: 1259452543623548300}
  m_Layer: 0
  m_Name: LeftHand Controller
  m_TagString: Untagged
  m_Icon: {fileID: 0}
  m_NavMeshLayer: 0
  m_StaticEditorFlags: 0
  m_IsActive: 1
--- !u!4 &1259452543623548301
Transform:
  m_ObjectHideFlags: 0
  m_CorrespondingSourceObject: {fileID: 0}
  m_PrefabInstance: {fileID: 0}
  m_PrefabAsset: {fileID: 0}
  m_GameObject: {fileID: 1259452543623548302}
  m_LocalRotation: {x: 0, y: 0, z: 0, w: 1}
  m_LocalPosition: {x: 0, y: 0, z: 0}
  m_LocalScale: {x: 1, y: 1, z: 1}
  m_Children:
  - {fileID: 2538241963072577329}
  m_Father: {fileID: 1259452542453837847}
  m_RootOrder: 1
  m_LocalEulerAnglesHint: {x: 0, y: 0, z: 0}
--- !u!114 &1259452543623548307
MonoBehaviour:
  m_ObjectHideFlags: 0
  m_CorrespondingSourceObject: {fileID: 0}
  m_PrefabInstance: {fileID: 0}
  m_PrefabAsset: {fileID: 0}
  m_GameObject: {fileID: 1259452543623548302}
  m_Enabled: 1
  m_EditorHideFlags: 0
  m_Script: {fileID: 11500000, guid: caff514de9b15ad48ab85dcff5508221, type: 3}
  m_Name: 
  m_EditorClassIdentifier: 
  m_UpdateTrackingType: 0
  m_EnableInputTracking: 1
  m_EnableInputActions: 1
  m_ModelPrefab: {fileID: 0}
  m_ModelTransform: {fileID: 0}
  m_AnimateModel: 0
  m_ModelSelectTransition: 
  m_ModelDeSelectTransition: 
  m_AnchorControlDeadzone: 0.75
  m_AnchorControlOffAxisDeadzone: 0.3
  m_PositionAction:
    m_UseReference: 1
    m_Action:
      m_Name: Position
      m_Type: 0
      m_ExpectedControlType: 
      m_Id: 26d2aaa4-6518-4d33-8fae-419043a723d4
      m_Processors: 
      m_Interactions: 
      m_SingletonActionBindings: []
    m_Reference: {fileID: -2024308242397127297, guid: c348712bda248c246b8c49b3db54643f,
      type: 3}
  m_RotationAction:
    m_UseReference: 1
    m_Action:
      m_Name: Rotation
      m_Type: 0
      m_ExpectedControlType: 
      m_Id: d7a15530-737b-416a-9d5d-a8b51ba6c682
      m_Processors: 
      m_Interactions: 
      m_SingletonActionBindings: []
    m_Reference: {fileID: 8248158260566104461, guid: c348712bda248c246b8c49b3db54643f,
      type: 3}
  m_SelectAction:
    m_UseReference: 1
    m_Action:
      m_Name: Select
      m_Type: 0
      m_ExpectedControlType: 
      m_Id: 05483079-4b7c-4369-9176-fb8514428e98
      m_Processors: 
      m_Interactions: 
      m_SingletonActionBindings: []
    m_Reference: {fileID: -6131295136447488360, guid: c348712bda248c246b8c49b3db54643f,
      type: 3}
  m_ActivateAction:
    m_UseReference: 1
    m_Action:
      m_Name: Activate
      m_Type: 0
      m_ExpectedControlType: 
      m_Id: 38e5c09b-96d2-40e4-ae8e-3bfb9eb16727
      m_Processors: 
      m_Interactions: 
      m_SingletonActionBindings: []
    m_Reference: {fileID: -5982496924579745919, guid: c348712bda248c246b8c49b3db54643f,
      type: 3}
  m_UIPressAction:
    m_UseReference: 1
    m_Action:
      m_Name: UI Press
      m_Type: 0
      m_ExpectedControlType: 
      m_Id: 347fe4ac-83bc-44f7-a0d2-2793a5775161
      m_Processors: 
      m_Interactions: 
      m_SingletonActionBindings: []
    m_Reference: {fileID: -6395602842196007441, guid: c348712bda248c246b8c49b3db54643f,
      type: 3}
  m_HapticDeviceAction:
    m_UseReference: 1
    m_Action:
      m_Name: Haptic Device
      m_Type: 0
      m_ExpectedControlType: 
      m_Id: 35cfed17-bcaf-4ff9-9fe0-fa1727b7619b
      m_Processors: 
      m_Interactions: 
      m_SingletonActionBindings: []
    m_Reference: {fileID: -8785819595477538065, guid: c348712bda248c246b8c49b3db54643f,
      type: 3}
  m_RotateAnchorAction:
    m_UseReference: 1
    m_Action:
      m_Name: Rotate Anchor
      m_Type: 0
      m_ExpectedControlType: 
      m_Id: 4fcd4b62-1769-4cc4-aaee-aea2fc40d24f
      m_Processors: 
      m_Interactions: 
      m_SingletonActionBindings: []
    m_Reference: {fileID: -7363382999065477798, guid: c348712bda248c246b8c49b3db54643f,
      type: 3}
  m_TranslateAnchorAction:
    m_UseReference: 1
    m_Action:
      m_Name: Translate Anchor
      m_Type: 0
      m_ExpectedControlType: 
      m_Id: 7bfe4461-8d15-4a61-9fa6-28ce950c9996
      m_Processors: 
      m_Interactions: 
      m_SingletonActionBindings: []
    m_Reference: {fileID: 7779212132400271959, guid: c348712bda248c246b8c49b3db54643f,
      type: 3}
  m_ButtonPressPoint: 0.5
--- !u!114 &1259452543623548306
MonoBehaviour:
  m_ObjectHideFlags: 0
  m_CorrespondingSourceObject: {fileID: 0}
  m_PrefabInstance: {fileID: 0}
  m_PrefabAsset: {fileID: 0}
  m_GameObject: {fileID: 1259452543623548302}
  m_Enabled: 1
  m_EditorHideFlags: 0
  m_Script: {fileID: 11500000, guid: 4253f32900bcc4d499d675566142ded0, type: 3}
  m_Name: 
  m_EditorClassIdentifier: 
  m_InteractionManager: {fileID: 0}
  m_InteractionLayerMask:
    serializedVersion: 2
    m_Bits: 4294967295
  m_AttachTransform: {fileID: 0}
  m_StartingSelectedInteractable: {fileID: 0}
  m_OnHoverEntered:
    m_PersistentCalls:
      m_Calls: []
  m_OnHoverExited:
    m_PersistentCalls:
      m_Calls: []
  m_OnSelectEntered:
    m_PersistentCalls:
      m_Calls: []
  m_OnSelectExited:
    m_PersistentCalls:
      m_Calls: []
  m_SelectActionTrigger: 0
  m_HideControllerOnSelect: 0
  m_PlayAudioClipOnSelectEntered: 0
  m_AudioClipForOnSelectEntered: {fileID: 0}
  m_PlayAudioClipOnSelectExited: 0
  m_AudioClipForOnSelectExited: {fileID: 0}
  m_PlayAudioClipOnHoverEntered: 0
  m_AudioClipForOnHoverEntered: {fileID: 0}
  m_PlayAudioClipOnHoverExited: 0
  m_AudioClipForOnHoverExited: {fileID: 0}
  m_PlayHapticsOnSelectEntered: 0
  m_HapticSelectEnterIntensity: 0
  m_HapticSelectEnterDuration: 0
  m_PlayHapticsOnSelectExited: 0
  m_HapticSelectExitIntensity: 0
  m_HapticSelectExitDuration: 0
  m_PlayHapticsOnHoverEntered: 0
  m_HapticHoverEnterIntensity: 0
  m_HapticHoverEnterDuration: 0
  m_PlayHapticsOnHoverExited: 0
  m_HapticHoverExitIntensity: 0
  m_HapticHoverExitDuration: 0
--- !u!135 &1259452543623548300
SphereCollider:
  m_ObjectHideFlags: 0
  m_CorrespondingSourceObject: {fileID: 0}
  m_PrefabInstance: {fileID: 0}
  m_PrefabAsset: {fileID: 0}
  m_GameObject: {fileID: 1259452543623548302}
  m_Material: {fileID: 0}
  m_IsTrigger: 1
  m_Enabled: 1
  serializedVersion: 2
  m_Radius: 0.1
  m_Center: {x: 0, y: 0, z: 0}
--- !u!1001 &1259452542745456693
PrefabInstance:
  m_ObjectHideFlags: 0
  serializedVersion: 2
  m_Modification:
    m_TransformParent: {fileID: 1259452542415597660}
    m_Modifications:
    - target: {fileID: 3621981467535291324, guid: ddc38db09f9124241b4b4e9b2b9831eb,
        type: 3}
      propertyPath: m_RootOrder
      value: 0
      objectReference: {fileID: 0}
    - target: {fileID: 3621981467535291324, guid: ddc38db09f9124241b4b4e9b2b9831eb,
        type: 3}
      propertyPath: m_LocalPosition.x
      value: 0
      objectReference: {fileID: 0}
    - target: {fileID: 3621981467535291324, guid: ddc38db09f9124241b4b4e9b2b9831eb,
        type: 3}
      propertyPath: m_LocalPosition.y
      value: 0
      objectReference: {fileID: 0}
    - target: {fileID: 3621981467535291324, guid: ddc38db09f9124241b4b4e9b2b9831eb,
        type: 3}
      propertyPath: m_LocalPosition.z
      value: 0
      objectReference: {fileID: 0}
    - target: {fileID: 3621981467535291324, guid: ddc38db09f9124241b4b4e9b2b9831eb,
        type: 3}
      propertyPath: m_LocalRotation.w
      value: 1
      objectReference: {fileID: 0}
    - target: {fileID: 3621981467535291324, guid: ddc38db09f9124241b4b4e9b2b9831eb,
        type: 3}
      propertyPath: m_LocalRotation.x
      value: 0
      objectReference: {fileID: 0}
    - target: {fileID: 3621981467535291324, guid: ddc38db09f9124241b4b4e9b2b9831eb,
        type: 3}
      propertyPath: m_LocalRotation.y
      value: 0
      objectReference: {fileID: 0}
    - target: {fileID: 3621981467535291324, guid: ddc38db09f9124241b4b4e9b2b9831eb,
        type: 3}
      propertyPath: m_LocalRotation.z
      value: 0
      objectReference: {fileID: 0}
    - target: {fileID: 3621981467535291324, guid: ddc38db09f9124241b4b4e9b2b9831eb,
        type: 3}
      propertyPath: m_LocalEulerAnglesHint.x
      value: 0
      objectReference: {fileID: 0}
    - target: {fileID: 3621981467535291324, guid: ddc38db09f9124241b4b4e9b2b9831eb,
        type: 3}
      propertyPath: m_LocalEulerAnglesHint.y
      value: 0
      objectReference: {fileID: 0}
    - target: {fileID: 3621981467535291324, guid: ddc38db09f9124241b4b4e9b2b9831eb,
        type: 3}
      propertyPath: m_LocalEulerAnglesHint.z
      value: 0
      objectReference: {fileID: 0}
    - target: {fileID: 3621981467535291326, guid: ddc38db09f9124241b4b4e9b2b9831eb,
        type: 3}
      propertyPath: m_Name
      value: Right Hand Presence
      objectReference: {fileID: 0}
    - target: {fileID: 3621981467535291327, guid: ddc38db09f9124241b4b4e9b2b9831eb,
        type: 3}
      propertyPath: showController
      value: 0
      objectReference: {fileID: 0}
    m_RemovedComponents: []
  m_SourcePrefab: {fileID: 100100000, guid: ddc38db09f9124241b4b4e9b2b9831eb, type: 3}
--- !u!4 &2538241964343755657 stripped
Transform:
  m_CorrespondingSourceObject: {fileID: 3621981467535291324, guid: ddc38db09f9124241b4b4e9b2b9831eb,
    type: 3}
  m_PrefabInstance: {fileID: 1259452542745456693}
  m_PrefabAsset: {fileID: 0}
--- !u!1001 &1259452543614020749
PrefabInstance:
  m_ObjectHideFlags: 0
  serializedVersion: 2
  m_Modification:
    m_TransformParent: {fileID: 1259452543623548301}
    m_Modifications:
    - target: {fileID: 3621981467535291324, guid: 6c2509c76b281144cb0099fc45f17a09,
        type: 3}
      propertyPath: m_RootOrder
      value: 0
      objectReference: {fileID: 0}
    - target: {fileID: 3621981467535291324, guid: 6c2509c76b281144cb0099fc45f17a09,
        type: 3}
      propertyPath: m_LocalPosition.x
      value: 0
      objectReference: {fileID: 0}
    - target: {fileID: 3621981467535291324, guid: 6c2509c76b281144cb0099fc45f17a09,
        type: 3}
      propertyPath: m_LocalPosition.y
      value: 0
      objectReference: {fileID: 0}
    - target: {fileID: 3621981467535291324, guid: 6c2509c76b281144cb0099fc45f17a09,
        type: 3}
      propertyPath: m_LocalPosition.z
      value: 0
      objectReference: {fileID: 0}
    - target: {fileID: 3621981467535291324, guid: 6c2509c76b281144cb0099fc45f17a09,
        type: 3}
      propertyPath: m_LocalRotation.w
      value: 1
      objectReference: {fileID: 0}
    - target: {fileID: 3621981467535291324, guid: 6c2509c76b281144cb0099fc45f17a09,
        type: 3}
      propertyPath: m_LocalRotation.x
      value: 0
      objectReference: {fileID: 0}
    - target: {fileID: 3621981467535291324, guid: 6c2509c76b281144cb0099fc45f17a09,
        type: 3}
      propertyPath: m_LocalRotation.y
      value: 0
      objectReference: {fileID: 0}
    - target: {fileID: 3621981467535291324, guid: 6c2509c76b281144cb0099fc45f17a09,
        type: 3}
      propertyPath: m_LocalRotation.z
      value: 0
      objectReference: {fileID: 0}
    - target: {fileID: 3621981467535291324, guid: 6c2509c76b281144cb0099fc45f17a09,
        type: 3}
      propertyPath: m_LocalEulerAnglesHint.x
      value: 0
      objectReference: {fileID: 0}
    - target: {fileID: 3621981467535291324, guid: 6c2509c76b281144cb0099fc45f17a09,
        type: 3}
      propertyPath: m_LocalEulerAnglesHint.y
      value: 0
      objectReference: {fileID: 0}
    - target: {fileID: 3621981467535291324, guid: 6c2509c76b281144cb0099fc45f17a09,
        type: 3}
      propertyPath: m_LocalEulerAnglesHint.z
      value: 0
      objectReference: {fileID: 0}
    - target: {fileID: 3621981467535291326, guid: 6c2509c76b281144cb0099fc45f17a09,
        type: 3}
      propertyPath: m_Name
      value: Left Hand Presence
      objectReference: {fileID: 0}
    - target: {fileID: 3621981467535291327, guid: 6c2509c76b281144cb0099fc45f17a09,
        type: 3}
      propertyPath: m_Enabled
      value: 0
      objectReference: {fileID: 0}
    - target: {fileID: 3621981467535291327, guid: 6c2509c76b281144cb0099fc45f17a09,
        type: 3}
      propertyPath: showController
      value: 0
      objectReference: {fileID: 0}
    m_RemovedComponents: []
  m_SourcePrefab: {fileID: 100100000, guid: 6c2509c76b281144cb0099fc45f17a09, type: 3}
--- !u!4 &2538241963072577329 stripped
Transform:
  m_CorrespondingSourceObject: {fileID: 3621981467535291324, guid: 6c2509c76b281144cb0099fc45f17a09,
    type: 3}
  m_PrefabInstance: {fileID: 1259452543614020749}
  m_PrefabAsset: {fileID: 0}
